@Article{article_mobile_os_market_stats,
    author      = {StatCounter},
    journal     = {GlobalStats},
    title       = {Mobile Operating System Market Share Worldwide},
    year        = {2018},
    note        = {\url{http://gs.statcounter.com/os-market-share/mobile/worldwide}}
}

@Book{book_android_podrecznik_hackera,
    author      = {Joshua J. Drake and
                   Pau Oliva Fora and
                   Zach Lanier and
                   Collin Muliner and
                   Stephen A. Ridley and
                   Georg Wicherski},
    title       = {Android. PodrÄ™cznik hackera.},
    publisher   = {Helion},
    year        = {2015}
}
